<?xml version="1.0" encoding="UTF-8"?><collection xmlns="http://www.loc.gov/MARC21/slim"><record><leader>00641nam--2200181-u-4500</leader><controlfield tag="001">000055140</controlfield><controlfield tag="002">20161230</controlfield><controlfield tag="005">20161230201052</controlfield><controlfield tag="008">121106s1000------------r-----000-0-fre-d</controlfield><datafield ind1=" " ind2=" " tag="040"><subfield code="a">IFIN-HH</subfield></datafield><datafield ind1=" " ind2=" " tag="041"><subfield code="a">fre</subfield></datafield><datafield ind1=" " ind2=" " tag="080"><subfield code="a">538.93:537.63(043)</subfield></datafield><datafield ind1="1" ind2=" " tag="100"><subfield code="a">Aulombard, Roger-louis</subfield></datafield><datafield ind1="1" ind2="0" tag="245"><subfield code="a">Etude de phenomenes de transport sous champ magnetique intense et sous pression hydrostatique: - effet shubnikov de haas dans ga1-xalxsb - gel magnetique et transition metal-non metal dans insb</subfield><subfield code="b">These</subfield><subfield code="c">Roger-louis aulombard</subfield></datafield><datafield ind1=" " ind2=" " tag="260"><subfield code="a">Montpellier</subfield><subfield code="b">Universite</subfield><subfield code="c">1981</subfield></datafield><datafield ind1=" " ind2=" " tag="300"><subfield code="a">144P</subfield></datafield><datafield ind1=" " ind2=" " tag="852"><subfield code="a">71151</subfield><subfield code="c">539.2</subfield></datafield><datafield ind1=" " ind2=" " tag="CAT"><subfield code="a">Sys</subfield><subfield code="c">20121106</subfield><subfield code="h">170806</subfield></datafield></record></collection>